@article{HillKintigh2009,
author = {Hill, Kim and Kintigh, Keith},
title = {Can Anthropologists Distinguish Good and Poor Hunters? Implications for Hunting Hypotheses, Sharing Conventions, and Cultural Transmission},
journal = {Current Anthropology},
volume = {50},
number = {3},
pages = {369--378},
year = {2009},
doi = {10.1086/597981},
}
